<?xml version="1.0" encoding="UTF-8"?>
<record xmlns="http://www.loc.gov/MARC21/slim">
   <leader>02117cam a2200409 a 4500</leader>
   <controlfield tag="001">752377</controlfield>
   <controlfield tag="003">NjP</controlfield>
   <controlfield tag="005">20190705141641.0</controlfield>
   <controlfield tag="008">921015s1990    ir       di   000 0 ara d</controlfield>
   <datafield tag="024" ind1="7" ind2=" ">
      <subfield code="a">princeton_aco003988</subfield>
      <subfield code="2">local</subfield>
   </datafield>
   <datafield ind1=" " ind2=" " tag="040">
      <subfield code="a">NjP</subfield>
      <subfield code="c">PUL</subfield>
      <subfield code="d">PUL</subfield>
   </datafield>
   <datafield ind1=" " ind2=" " tag="035">
      <subfield code="a">(CStRLIN)NJPG92-B56590</subfield>
   </datafield>
   <datafield ind1=" " ind2=" " tag="035">
      <subfield code="9">ADJ9046TS</subfield>
   </datafield>
   <datafield ind1=" " ind2=" " tag="035">
      <subfield code="a">(NjP)752377</subfield>
   </datafield>
   <datafield ind1=" " ind2=" " tag="049">
      <subfield code="a">PULL</subfield>
   </datafield>
   <datafield ind1=" " ind2=" " tag="035">
      <subfield code="a">(OCoLC)ocm26879084</subfield>
   </datafield>
   <datafield ind1="1" ind2=" " tag="100">
      <subfield code="6">880-01</subfield>
      <subfield code="a">ʻAmāyrah, Ismāʻīl Aḥmad.</subfield>
   </datafield>
   <datafield ind1="1" ind2="0" tag="245">
      <subfield code="6">880-02</subfield>
      <subfield code="a">Muʻjam al-adawāt wa-al-ḍamāʼir fī al-Qurʼān al-karīm :</subfield>
      <subfield code="b">takmilat al-Muʻjam al-mufahras li-alfāz al-Qurʼān al-karīm /</subfield>
      <subfield code="c">waḍaʻahu Ismāʻīl Aḥmad ʻAmāyrah, ʻAbd al-Ḥamīd Muṣṭafá al-Sayyid.</subfield>
   </datafield>
   <datafield ind1=" " ind2=" " tag="260">
      <subfield code="6">880-03</subfield>
      <subfield code="a">Qum :</subfield>
      <subfield code="b">Dār al-Fikr,</subfield>
      <subfield code="c">1410 [1990 or 1991]</subfield>
   </datafield>
   <datafield ind1=" " ind2=" " tag="300">
      <subfield code="a">19, 813 p. ;</subfield>
      <subfield code="c">28 cm.</subfield>
   </datafield>
   <datafield ind1=" " ind2=" " tag="500">
      <subfield code="a">Title on added t.p.: Muʻǧam al-adawāt waḍ-ḍamāʼir fil-Qurʼān al-karīm = (Dictionary of particles and pronouns in the Holy Qurʼān)</subfield>
   </datafield>
   <datafield ind1="0" ind2="0" tag="630">
      <subfield code="a">Qurʼan</subfield>
      <subfield code="x">Concordances.</subfield>
   </datafield>
   <datafield ind1="0" ind2="0" tag="630">
      <subfield code="a">Qurʼan</subfield>
      <subfield code="x">Indexes.</subfield>
   </datafield>
   <datafield ind1=" " ind2="0" tag="650">
      <subfield code="a">Arabic language</subfield>
      <subfield code="x">Particles.</subfield>
      <subfield code="0">http://id.loc.gov/authorities/subjects/sh2009115223</subfield>
   </datafield>
   <datafield ind1=" " ind2="0" tag="650">
      <subfield code="a">Arabic language</subfield>
      <subfield code="x">Pronoun.</subfield>
   </datafield>
   <datafield ind1="1" ind2=" " tag="700">
      <subfield code="6">880-04</subfield>
      <subfield code="a">Sayyid, ʻAbd al-Ḥamīd Muṣṭafá.</subfield>
   </datafield>
   <datafield ind1="0" ind2=" " tag="740">
      <subfield code="6">880-05</subfield>
      <subfield code="a">Muʻǧam al-adawāt waḍ-ḍamāʼir fil-Qurʼān al-karīm.</subfield>
   </datafield>
   <datafield ind1="0" ind2=" " tag="740">
      <subfield code="a">Dictionary of particles and pronouns in the Holy Qurʼān.</subfield>
   </datafield>
   <datafield ind1="1" ind2=" " tag="880">
      <subfield code="6">100-01/r</subfield>
      <subfield code="a">عمايرة، اسماعيل احمد.</subfield>
   </datafield>
   <datafield ind1="1" ind2="0" tag="880">
      <subfield code="6">245-02/r</subfield>
      <subfield code="a">معجم الادوات والضمائر في القرآن الكريم :</subfield>
      <subfield code="b">تكملة المعجم المفهرس لالفاز القرآن الكريم /</subfield>
      <subfield code="c">وضعه اسماعيل احمد عمايرة، عبد الحميد مصطفى السيد.</subfield>
   </datafield>
   <datafield ind1=" " ind2=" " tag="880">
      <subfield code="6">260-03/r</subfield>
      <subfield code="a">قم :</subfield>
      <subfield code="b">دار الفكر،</subfield>
      <subfield code="c">1410 [1990 or 1991]</subfield>
   </datafield>
   <datafield ind1="1" ind2=" " tag="880">
      <subfield code="6">700-04/r</subfield>
      <subfield code="a">سيد، عبد الحميد مصطفى.</subfield>
   </datafield>
   <datafield ind1="0" ind2=" " tag="880">
      <subfield code="6">740-05/r</subfield>
      <subfield code="a">معجم الادوات وضضمائر فلقرآن الكريم.</subfield>
   </datafield>
   <datafield ind1=" " ind2=" " tag="998">
      <subfield code="a">10/15/92</subfield>
      <subfield code="s">9114</subfield>
      <subfield code="n">NjP</subfield>
      <subfield code="d">10/15/92</subfield>
      <subfield code="c">KE</subfield>
      <subfield code="b">KE</subfield>
      <subfield code="i">921015</subfield>
      <subfield code="l">NJPG</subfield>
   </datafield>
   <datafield ind1=" " ind2=" " tag="911">
      <subfield code="a">19921028</subfield>
   </datafield>
   <datafield ind1=" " ind2=" " tag="912">
      <subfield code="a">19921015000000.0</subfield>
   </datafield>
   <datafield ind1=" " ind2=" " tag="994">
      <subfield code="a">C0</subfield>
      <subfield code="b">PUL</subfield>
   </datafield>
   <datafield ind1=" " ind2=" " tag="999">
      <subfield code="a">752377</subfield>
   </datafield>
   <datafield ind1=" " ind2=" " tag="979">
      <subfield code="a">(OCoLC)ocn176550242</subfield>
   </datafield>
   <datafield ind1="0" ind2="0" tag="852">
      <subfield code="0">848620</subfield>
      <subfield code="b">rcppa</subfield>
      <subfield code="t">1</subfield>
      <subfield code="h">BP133</subfield>
      <subfield code="i">.A433 1990</subfield>
      <subfield code="x">tr fr anxafst</subfield>
   </datafield>
   <datafield ind1=" " ind2=" " tag="959">
      <subfield code="a">2000-06-13 00:00:00 -0400</subfield>
   </datafield>
</record>
